%% LaTeX2e file `bachelor-thesis.bib'
%% generated by the `filecontents' environment
%% from source `main' on 2025/03/23.
%%
@online{ doerr-doerr-lambda-lambda-self-adjustment-arxiv,
    year        = {2015},
    title       = {Optimal Parameter Choices Through Self-Adjustment: Applying the 1/5-th Rule in
                   Discrete Settings},
    author      = {Benjamin Doerr and Carola Doerr},
    url         = {http://arxiv.org/abs/1504.03212},
    year        = {2015},
    langid      = {english}
}
